<?xml version="1.0" encoding="UTF-8" ?>
<collection xmlns:xsi="http://www.w3.org/2001/XMLSchema-instance"
    xsi:schemaLocation="http://www.loc.gov/MARC21/slim
        http://www.loc.gov/standards/marcxml/schema/MARC21slim.xsd"
    xmlns="http://www.loc.gov/MARC21/slim">
<record>
  <leader>00302cam a2200601 ia4500</leader>
  <controlfield tag="001">b12764085</controlfield>
  <controlfield tag="003">LeBAU</controlfield>
  <controlfield tag="005">20170922</controlfield>
  <controlfield tag="008">971110m19281930ae       b    ||0 0 ara d</controlfield>
  <datafield tag="035" ind1=" " ind2=" ">
    <subfield code="a">ocn784507015</subfield>
  </datafield>
  <datafield tag="040" ind1=" " ind2=" ">
    <subfield code="a">LEAUB</subfield>
    <subfield code="b">ara</subfield>
    <subfield code="e">rda</subfield>
    <subfield code="c">LEAUB</subfield>
    <subfield code="d">LEAUB</subfield>
  </datafield>
  <datafield tag="041" ind1="0" ind2=" ">
    <subfield code="a">ara</subfield>
    <subfield code="b">fre</subfield>
  </datafield>
  <datafield tag="082" ind1="0" ind2="4">
    <subfield code="a">892.78</subfield>
    <subfield code="2">22</subfield>
  </datafield>
  <datafield tag="100" ind1="0" ind2=" ">
    <subfield code="6">880-01</subfield>
    <subfield code="a">Kuthayyir ʻAzzah ibn ʻAbd al-Raḥmān,</subfield>
    <subfield code="d">-723,</subfield>
    <subfield code="e">author.</subfield>
  </datafield>
  <datafield tag="245" ind1="1" ind2="0">
    <subfield code="6">880-02</subfield>
    <subfield code="a">Sharḥ Dīwān Kuthayyir ibn ‘Abd al-Raḥman al-Khuzā‘ī :</subfield>
    <subfield code="b">al-mashhūr bi-Kuthayyir ‘Azzah /</subfield>
    <subfield code="c">qad i‘taná bi-jam‘ihi wa-nashrihi al-Shaykh Hinrī Bīrs, al-ustādh bi-al-madrasah al-ibtidā’īyah al-‘ālīyah bi-Burj al-Ḥarrāsh "al-Dār al-Murabba‘ah".</subfield>
  </datafield>
  <datafield tag="246" ind1="1" ind2="5">
    <subfield code="a">Dīwān Kuthayyir ibn ‘Abd al-Raḥman al-Khuzā‘ī</subfield>
    <subfield code="b">DȊWÂN</subfield>
    <subfield code="i">Preliminaries:</subfield>
  </datafield>
  <datafield tag="246" ind1="1" ind2=" ">
    <subfield code="6">880-03</subfield>
    <subfield code="i">العنوان على الصفحة التي تسبق صفحة العنوان:</subfield>
    <subfield code="a">Kuthayyir ‘Azzah</subfield>
  </datafield>
  <datafield tag="246" ind1="3" ind2="0">
    <subfield code="6">880-04</subfield>
    <subfield code="a">كثير عزة</subfield>
  </datafield>
  <datafield tag="246" ind1="3" ind2="0">
    <subfield code="6">880-05</subfield>
    <subfield code="a">ديوان كثير بن عبد الرحمن الخزاعي</subfield>
  </datafield>
  <datafield tag="264" ind1=" " ind2="1">
    <subfield code="6">880-06</subfield>
    <subfield code="a">al-Jazāir :</subfield>
    <subfield code="b">Maṭba‘at Jūl Karbūnil,</subfield>
    <subfield code="c">1928-1930.</subfield>
  </datafield>
  <datafield tag="300" ind1=" " ind2=" ">
    <subfield code="6">880-07</subfield>
    <subfield code="a">2 volumes ;</subfield>
    <subfield code="c">19 cm.</subfield>
  </datafield>
  <datafield tag="336" ind1=" " ind2=" ">
    <subfield code="a">text</subfield>
    <subfield code="b">txt</subfield>
    <subfield code="2">rdacontent</subfield>
  </datafield>
  <datafield tag="337" ind1=" " ind2=" ">
    <subfield code="a">unmediated</subfield>
    <subfield code="b">n</subfield>
    <subfield code="2">rdamedia</subfield>
  </datafield>
  <datafield tag="338" ind1=" " ind2=" ">
    <subfield code="a">volume</subfield>
    <subfield code="b">nc</subfield>
    <subfield code="2">rdacarrier</subfield>
  </datafield>
  <datafield tag="490" ind1="1" ind2=" ">
    <subfield code="6">880-08</subfield>
    <subfield code="a">Khizānat al-kutub al-‘Arabīyah</subfield>
  </datafield>
  <datafield tag="500" ind1=" " ind2=" ">
    <subfield code="a">في رأس العنوان: فحول العرب في علم الأدب.</subfield>
  </datafield>
  <datafield tag="504" ind1=" " ind2=" ">
    <subfield code="a">يتضمن مراجع ببليوغرافية.</subfield>
  </datafield>
  <datafield tag="546" ind1=" " ind2=" ">
    <subfield code="a">النص  بالعربية؛ مع ملاحظة بالفرنسية.</subfield>
  </datafield>
  <datafield tag="590" ind1=" " ind2=" ">
    <subfield code="a">نسخة مكتبة يافث مجلدة 2 جزء ببليوغرافي في 1 جزء مادي؛ ونسخة الأرشيف والمجموعات الخاصة تنقص الملاحظة الفرنسية الخاصة بالجزء الأول.</subfield>
  </datafield>
  <datafield tag="600" ind1="1" ind2="4">
    <subfield code="a">كثير عزة بن عبد الرحمن،</subfield>
    <subfield code="d">-732</subfield>
    <subfield code="x">نقد وتأويل.</subfield>
  </datafield>
  <datafield tag="600" ind1="1" ind2="0">
    <subfield code="a">Kuthayyir ʻAzzah ibn ʻAbd al-Raḥmān,</subfield>
    <subfield code="d">-723</subfield>
    <subfield code="x">Criticism and interpretation.</subfield>
  </datafield>
  <datafield tag="650" ind1=" " ind2="4">
    <subfield code="a">الشعر العربي</subfield>
    <subfield code="y">622-750</subfield>
    <subfield code="x">تاريخ ونقد.</subfield>
  </datafield>
  <datafield tag="650" ind1=" " ind2="0">
    <subfield code="a">Arabic poetry</subfield>
    <subfield code="y">622-750</subfield>
    <subfield code="x">History and criticism.</subfield>
  </datafield>
  <datafield tag="700" ind1="1" ind2=" ">
    <subfield code="6">880-09</subfield>
    <subfield code="a">Pérès, Henri,</subfield>
    <subfield code="e">compiler.</subfield>
  </datafield>
  <datafield tag="830" ind1=" " ind2="0">
    <subfield code="6">880-10</subfield>
    <subfield code="a">Khizānat al-kutub al-‘Arabīyah.</subfield>
  </datafield>
  <datafield tag="852" ind1=" " ind2=" ">
    <subfield code="a">Jafet Archives and Special Collections</subfield>
    <subfield code="e">American University of Beirut, Bliss Street, Beirut, ‎Lebanon.</subfield>
  </datafield>
  <datafield tag="852" ind1=" " ind2=" ">
    <subfield code="a">Jafet Library</subfield>
    <subfield code="e">American University of Beirut, Bliss Street, Beirut, Lebanon.‎</subfield>
  </datafield>
  <datafield tag="880" ind1="0" ind2=" ">
    <subfield code="6">100-01/(3/r</subfield>
    <subfield code="a">كثير عزة بن عبد الرحمن،</subfield>
    <subfield code="d">-723،</subfield>
    <subfield code="e">مؤلف. </subfield>
    <subfield code="4">aut.</subfield>
  </datafield>
  <datafield tag="880" ind1="1" ind2="0">
    <subfield code="6">245-02/(3/r</subfield>
    <subfield code="a">شرح ديوان كثير بن عبد الرحمن الخزاعي :</subfield>
    <subfield code="b">المشهور بكثير عزة /</subfield>
    <subfield code="c">قد إعتنى بجمعه ونشره الشيخ هنري بيرس، الأستاذ بالمدرسة الإبتدائية العالية ببرج الحراش "الدار المربعة".</subfield>
  </datafield>
  <datafield tag="880" ind1="1" ind2=" ">
    <subfield code="6">246-03/(3/r</subfield>
    <subfield code="i">Preliminaries:</subfield>
    <subfield code="a">KOṮAYYIR-‘AZZA :</subfield>
  </datafield>
  <datafield tag="880" ind1="3" ind2="0">
    <subfield code="6">246-04/(3/r</subfield>
    <subfield code="a">شرح ديوان كثير بن عزة</subfield>
  </datafield>
  <datafield tag="880" ind1=" " ind2="1">
    <subfield code="6">264-06/(3/r</subfield>
    <subfield code="a">الجزائر :</subfield>
    <subfield code="b">مطبعة جول كربونل،</subfield>
    <subfield code="c">1928-1930.</subfield>
  </datafield>
  <datafield tag="880" ind1="3" ind2="0">
    <subfield code="6">246-05/(3/r</subfield>
    <subfield code="a">Sharḥ Dīwān Kuthayyir ibn ‘Azzah</subfield>
  </datafield>
  <datafield tag="880" ind1=" " ind2=" ">
    <subfield code="6">300-07/(3/r</subfield>
    <subfield code="a">2 جزء ؛</subfield>
    <subfield code="c">19 سم.</subfield>
  </datafield>
  <datafield tag="880" ind1="1" ind2=" ">
    <subfield code="6">490-08/(3/r</subfield>
    <subfield code="a">خزانة الكتب العربية</subfield>
  </datafield>
  <datafield tag="880" ind1="1" ind2=" ">
    <subfield code="6">700-09/(3/r</subfield>
    <subfield code="a">بارس، هنري،</subfield>
    <subfield code="e">معد. </subfield>
    <subfield code="4">com.</subfield>
  </datafield>
  <datafield tag="880" ind1=" " ind2="0">
    <subfield code="6">830-10/(3/r</subfield>
    <subfield code="a">خزانة الكتب العربية.</subfield>
  </datafield>
  <datafield tag="907" ind1=" " ind2=" ">
    <subfield code="a">.b12764085</subfield>
    <subfield code="b">17-10-02</subfield>
    <subfield code="c">11-05-24</subfield>
  </datafield>
  <datafield tag="907" ind1=" " ind2=" ">
    <subfield code="a">.b12764085</subfield>
    <subfield code="b">15-10-15</subfield>
    <subfield code="c">11-05-24</subfield>
  </datafield>
  <datafield tag="945" ind1=" " ind2=" ">
    <subfield code="f">CA</subfield>
    <subfield code="a">892.78:K97sA:v.1:c.1</subfield>
    <subfield code="i">01064950</subfield>
    <subfield code="j">.i13339886</subfield>
    <subfield code="l">u0304</subfield>
  </datafield>
  <datafield tag="945" ind1=" " ind2=" ">
    <subfield code="f">CA</subfield>
    <subfield code="a">892.78:K97sA:v.2:c.1</subfield>
    <subfield code="i">01064953</subfield>
    <subfield code="j">.i13339898</subfield>
    <subfield code="l">u0304</subfield>
  </datafield>
  <datafield tag="945" ind1=" " ind2=" ">
    <subfield code="f">J</subfield>
    <subfield code="a">892.78:K97sA:v.1-2:c.1</subfield>
    <subfield code="i">01064952</subfield>
    <subfield code="j">.i13339904</subfield>
    <subfield code="l">u0503</subfield>
  </datafield>
  <datafield tag="998" ind1=" " ind2=" ">
    <subfield code="a">(2)u03</subfield>
    <subfield code="a">u05</subfield>
    <subfield code="b">97-11-10</subfield>
    <subfield code="c">m</subfield>
    <subfield code="d">a</subfield>
    <subfield code="e">-</subfield>
    <subfield code="f">ara</subfield>
    <subfield code="g">ae </subfield>
    <subfield code="h">0</subfield>
    <subfield code="i">3</subfield>
  </datafield>
</record>
</collection>
